@article{Mubang2015,
  doi = {10.1007/s00268-015-3041-5},
  url = {https://doi.org/10.1007/s00268-015-3041-5},
  year = {2015},
  month = mar,
  publisher = {Springer Science and Business Media {LLC}},
  volume = {39},
  number = {8},
  pages = {2068--2075},
  author = {Ronnie N. Mubang and Jill C. Stoltzfus and Marissa S. Cohen and Brian A. Hoey and Christy D. Stehly and David C. Evans and Christian Jones and Thomas J. Papadimos and Jennifer Grell and William S. Hoff and Peter Thomas and James Cipolla and Stanislaw P. Stawicki},
  title = {Comorbidity-Polypharmacy Score as Predictor of Outcomes in Older Trauma Patients: A Retrospective Validation Study},
  journal = {World Journal of Surgery}
}

@article{Richards2018,
  doi = {10.1213/ane.0000000000002626},
  url = {https://doi.org/10.1213/ane.0000000000002626},
  year = {2018},
  month = mar,
  publisher = {Ovid Technologies (Wolters Kluwer Health)},
  volume = {126},
  number = {3},
  pages = {904--910},
  author = {Justin E. Richards and Thomas M. Scalea and Michael A. Mazzeffi and Peter Rock and Samuel M. Galvagno},
  title = {Does Lactate Affect the Association of Early Hyperglycemia and Multiple Organ Failure in Severely Injured Blunt Trauma Patients?},
  journal = {Anesthesia & Analgesia}
}

@Manual{Rstudio2022, title = {RStudio: Integrated Development Environment for R}, author = {{RStudio Team}}, organization = {RStudio, PBC.}, address = {Boston, MA}, year = {2020}, url = {http://www.rstudio.com/}, }

@article{David2021,
  doi = {10.1186/s41687-021-00346-6},
  url = {https://doi.org/10.1186/s41687-021-00346-6},
  year = {2021},
  month = aug,
  publisher = {Springer Science and Business Media {LLC}},
  volume = {5},
  number = {1},
  author = {Siddarth Daniels David and Nobhojit Roy and Harris Solomon and Cecilia Stålsby Lundborg and Martin Gerdin Wärnberg},
  title = {Measuring post-discharge socioeconomic and quality of life outcomes in trauma patients: a scoping review},
  journal = {Journal of Patient-Reported Outcomes}
}

@article{Dogrul2020,
  doi = {10.1016/j.cjtee.2020.04.003},
  url = {https://doi.org/10.1016/j.cjtee.2020.04.003},
  year = {2020},
  month = jun,
  publisher = {Elsevier {BV}},
  volume = {23},
  number = {3},
  pages = {125--138},
  author = {Bekir Nihat Dogrul and Ibrahim Kiliccalan and Ekrem Samet Asci and Selim Can Peker},
  title = {Blunt trauma related chest wall and pulmonary injuries: An overview},
  journal = {Chinese Journal of Traumatology}
}

@article{Ono2021,
  doi = {10.1371/journal.pone.0259733},
  url = {https://doi.org/10.1371/journal.pone.0259733},
  year = {2021},
  month = nov,
  publisher = {Public Library of Science ({PLoS})},
  volume = {16},
  number = {11},
  pages = {e0259733},
  author = {Yuko Ono and Yudai Iwasaki and Takaki Hirano and Katsuhiko Hashimoto and Takeyasu Kakamu and Shigeaki Inoue and Joji Kotani and Kazuaki Shinohara},
  editor = {Chun Chieh Yeh},
  title = {Impact of emergency physician-staffed ambulances on preoperative time course and survival among injured patients requiring emergency surgery or transarterial embolization: A retrospective cohort study at a community emergency department in Japan},
  journal = {{PLOS} {ONE}}
}

@article{champion1990,
  title={The Major Trauma Outcome Study: establishing national norms for trauma care},
  author={Champion, Howard R and Copes, Wayne S and Sacco, William J and Lawnick, Mary M and Keast, Susan L and FREY, CHARLES F},
  journal={Journal of Trauma and Acute Care Surgery},
  volume={30},
  number={11},
  pages={1356--1365},
  year={1990},
  publisher={LWW}
}

@article{Gondek2017,
  doi = {10.1016/j.suc.2017.06.001},
  url = {https://doi.org/10.1016/j.suc.2017.06.001},
  year = {2017},
  month = oct,
  publisher = {Elsevier {BV}},
  volume = {97},
  number = {5},
  pages = {985--998},
  author = {Stephen Gondek and Mary E. Schroeder and Babak Sarani},
  title = {Assessment and Resuscitation in Trauma Management},
  journal = {Surgical Clinics of North America}
}

@article{Committee2013,
  doi = {10.1097/ta.0b013e31828b82f5},
  url = {https://doi.org/10.1097/ta.0b013e31828b82f5},
  year = {2013},
  month = may,
  publisher = {Ovid Technologies (Wolters Kluwer Health)},
  volume = {74},
  number = {5},
  pages = {1363--1366},
  title = {Advanced trauma life support ({ATLS}{\textregistered})},
  journal = {Journal of Trauma and Acute Care Surgery}
}

@article{Teasdale2014,
  doi = {10.1016/s1474-4422(14)70120-6},
  url = {https://doi.org/10.1016/s1474-4422(14)70120-6},
  year = {2014},
  month = aug,
  publisher = {Elsevier {BV}},
  volume = {13},
  number = {8},
  pages = {844--854},
  author = {Graham Teasdale and Andrew Maas and Fiona Lecky and Geoffrey Manley and Nino Stocchetti and Gordon Murray},
  title = {The Glasgow Coma Scale at 40 years: standing the test of time},
  journal = {The Lancet Neurology}
}


@online{Swetrau2020,
  author = {},
  title = {Swetrau, Årsrapport SweTrau 2019 [internet]. Annual report, Stockholm: Svenska Traumaregister},
  url = {https://rcsyd.se/swetrau/wp-content/uploads/sites/10/2020/09/A%CC%8Arsrapport-SweTrau-2019.pdf},
  urldate = {2022}
}

@article{Groenestege2014,
  doi = {10.1093/bja/aeu236},
  url = {https://doi.org/10.1093/bja/aeu236},
  year = {2014},
  month = aug,
  publisher = {Elsevier {BV}},
  volume = {113},
  number = {2},
  pages = {258--265},
  author = {D. Tiel Groenestege-Kreb and O. van Maarseveen and L. Leenen},
  title = {Trauma team},
  journal = {British Journal of Anaesthesia}
}

@online{NKS2020,
  author = {},
  title = {Karolinska University Hospital, Traumamanual 2020 [internet]. Trauma manual},
  url = {https://traumarummet.files.wordpress.com/2020/09/traumamanualen-2020.pdf},
  urldate = {2022}
}

@article{Zafarghandi2003,
  doi = {10.1097/01.ta.0000027132.39340.fe},
  url = {https://doi.org/10.1097/01.ta.0000027132.39340.fe},
  year = {2003},
  month = sep,
  publisher = {Ovid Technologies (Wolters Kluwer Health)},
  volume = {55},
  number = {3},
  pages = {459--465},
  author = {Mohammad-Reza Zafarghandi and Mohammad-Hadi Saeed Modaghegh and Bahman Sayyar Roudsari},
  title = {Preventable Trauma Death in Tehran: An Estimate of Trauma Care Quality in Teaching Hospitals},
  journal = {The Journal of Trauma: Injury, Infection, and Critical Care}
}

@online{WHO2009,
  author = {},
  title = {World Health Organization, Guidelines for trauma quality improvement programmes [Internet]. World
  Health Organization},
  url = {https://apps.who.int/iris/bitstream/handle/10665/44061/9789241597746%7B/_%7Deng.pdf;jsessionid=E90A5736D4F3786CCBAA19E19E4EEF5F?sequence=1},
  urldate = {2022}
}

@article{Cryer1996,
  doi = {10.1097/00005373-199609000-00003},
  url = {https://doi.org/10.1097/00005373-199609000-00003},
  year = {1996},
  month = sep,
  publisher = {Ovid Technologies (Wolters Kluwer Health)},
  volume = {41},
  number = {3},
  pages = {389--395},
  author = {H. Gill Cryer and Jonathan R. Hiatt and Arthur W. Fleming and J. Peter Gruen and Judy Sterling},
  title = {Continuous Use of Standard Process Audit Filters Has Limited Value in an Established Trauma System},
  journal = {The Journal of Trauma: Injury,  Infection,  and Critical Care}
}

@article{Copes1995,
  doi = {10.1097/00005373-199503000-00027},
  url = {https://doi.org/10.1097/00005373-199503000-00027},
  year = {1995},
  month = mar,
  publisher = {Ovid Technologies (Wolters Kluwer Health)},
  volume = {38},
  number = {3},
  pages = {432--438},
  author = {Wayne S. Copes and Carol Forrester Staz and Carl W. Konvolinka and William J. Sacco},
  title = {American College of Surgeons Audit Filters},
  journal = {The Journal of Trauma: Injury,  Infection,  and Critical Care}
}

@article{Jung2019,
  doi = {10.3346/jkms.2019.34.e65},
  url = {https://doi.org/10.3346/jkms.2019.34.e65},
  year = {2019},
  publisher = {Korean Academy of Medical Sciences},
  volume = {34},
  number = {8},
  author = {Kyoungwon Jung and Ikhan Kim and Sue K. Park and Hyunmin Cho and Chan Yong Park and Jung-Ho Yun and Oh Hyun Kim and Ju Ok Park and Kee-Jae Lee and Ki Jeong Hong and Han Deok Yoon and Jong-Min Park and Sunworl Kim and Ho Kyung Sung and Jeoungbin Choi and Yoon Kim},
  title = {Preventable Trauma Death Rate after Establishing a National Trauma System in Korea},
  journal = {Journal of Korean Medical Science}
}

@article{McDermott1994,
  doi = {10.1111/j.1445-2197.1994.tb02168.x},
  url = {https://doi.org/10.1111/j.1445-2197.1994.tb02168.x},
  year = {1994},
  month = mar,
  publisher = {Wiley},
  volume = {64},
  number = {3},
  pages = {147--154},
  author = {Frank T. McDermott},
  title = {{TRAUMA} {AUDIT} {AND} {QUALITY} {IMPROVEMENT}},
  journal = {{ANZ} Journal of Surgery}
}

@book{Murray1996,
  title={The global burden of disease: a comprehensive assessment of mortality and disability from diseases, injuries, and risk factors in 1990 and projected to 2020: summary},
  author={Murray, Christopher JL and Lopez, Alan D and World Health Organization and others},
  year={1996},
  publisher={World Health Organization}
}

@article{Haagsma2015,
  doi = {10.1136/injuryprev-2015-041616},
  url = {https://doi.org/10.1136/injuryprev-2015-041616},
  year = {2015},
  month = dec,
  publisher = {{BMJ}},
  volume = {22},
  number = {1},
  pages = {3--18},
  author = {Juanita A Haagsma et al.},
  title = {The global burden of injury: incidence,  mortality,  disability-adjusted life years and time trends from the Global Burden of Disease study 2013},
  journal = {Injury Prevention}
}

@article{Maio1996,
  doi = {10.1097/00005373-199607000-00013},
  url = {https://doi.org/10.1097/00005373-199607000-00013},
  year = {1996},
  month = jul,
  publisher = {Ovid Technologies (Wolters Kluwer Health)},
  volume = {41},
  number = {1},
  pages = {83--90},
  author = {Ronald F. Maio and Richard E. Burney and Mary Ann Gregor and Mark G. Baranski},
  title = {A Study of Preventable Trauma Mortality in Rural Michigan},
  journal = {The Journal of Trauma: Injury,  Infection,  and Critical Care}
}

@article{Slater2020,
  doi = {10.1503/cjs.009219},
  url = {https://doi.org/10.1503/cjs.009219},
  year = {2020},
  month = jun,
  publisher = {{CMA} Joule Inc.},
  volume = {63},
  number = {3},
  pages = {E211--E222},
  author = {Nicholas Slater and Perneet Sekhon and Nori Bradley and Farhana Shariff and Julie Bedford and Heather Wong and Chieh Jack Chiu and Emilie Joos and Chad G. Ball and Morad Hameed},
  title = {Morbidity and mortality conferences in general surgery: a narrative systematic review},
  journal = {Canadian Journal of Surgery}
}

@article{Stelfox2010,
  doi = {10.1001/archsurg.2009.289},
  url = {https://doi.org/10.1001/archsurg.2009.289},
  year = {2010},
  month = mar,
  publisher = {American Medical Association ({AMA})},
  volume = {145},
  number = {3},
  pages = {286},
  author = {Henry Thomas Stelfox},
  title = {Quality Indicators for Evaluating Trauma Care},
  journal = {Archives of Surgery}
}

@article{Orlander2003,
  doi = {10.1046/j.1525-1497.2003.20824.x},
  url = {https://doi.org/10.1046/j.1525-1497.2003.20824.x},
  year = {2003},
  month = aug,
  publisher = {Springer Science and Business Media {LLC}},
  volume = {18},
  number = {8},
  pages = {656--658},
  author = {Jay D. Orlander and B. Graeme Fincke},
  title = {Morbidity and mortality conference},
  journal = {Journal of General Internal Medicine}
}

@article{Evans2009,
  doi = {10.1002/14651858.cd007590.pub2},
  url = {https://doi.org/10.1002/14651858.cd007590.pub2},
  year = {2009},
  month = oct,
  publisher = {Wiley},
  author = {Christopher Evans and Daniel Howes and William Pickett and Luigi Dagnone},
  title = {Audit filters for improving processes of care and clinical outcomes in trauma systems},
  journal = {Cochrane Database of Systematic Reviews}
}

@online{Social2015,
  author = {},
  title = {Socialstyrelsen, Traumavård vid allvarlig händelse Socialstyrelsen 2015 [internet]},
  url = {https://www.socialstyrelsen.se/globalassets/sharepoint-dokument/artikelkatalog/ovrigt/2015-11-5.pdf},
  urldate = {2022}
}

@online{NKS2020,
  author = {},
  title = {Karolinska Universitetssjukhuset Solna, Traumamanual Karolinska Universitetssjukhuset Solna 2020 [internet]},
  url = {https://traumarummet.files.wordpress.com/2020/09/traumamanualen-2020.pdf},
  urldate = {2022}
}

@article{Konadu2020,
  doi = {10.1007/s00268-020-05683-z},
  url = {https://doi.org/10.1007/s00268-020-05683-z},
  year = {2020},
  month = jul,
  publisher = {Springer Science and Business Media {LLC}},
  volume = {44},
  number = {11},
  pages = {3643--3650},
  author = {Dominic Konadu-Yeboah and Kusi Kwasi and Peter Donkor and Senyo Gudugbe and Ossei Sampen and Augustus Okleme and Frank Nketiah Boakye and Maxwell Osei-Ampofo and Helena Okrah and Charles Mock},
  title = {Preventable Trauma Deaths and Corrective Actions to Prevent Them: A 10-Year Comparative Study at the Komfo Anokye Teaching Hospital,  Kumasi,  Ghana},
  journal = {World Journal of Surgery}
}

@article{Valentino2016,
  doi = {10.1007/s40477-015-0189-7},
  url = {https://doi.org/10.1007/s40477-015-0189-7},
  year = {2016},
  month = jan,
  publisher = {Springer Science and Business Media {LLC}},
  volume = {19},
  number = {1},
  pages = {73--76},
  author = {Massimo Valentino and Pietro Pavlica},
  title = {Medical ethics},
  journal = {Journal of Ultrasound}
}

@article{Davoodabadi2021,
  doi = {10.1016/j.amsu.2021.102609},
  url = {https://doi.org/10.1016/j.amsu.2021.102609},
  year = {2021},
  month = aug,
  publisher = {Elsevier {BV}},
  volume = {68},
  pages = {102609},
  author = {Abdoulhosein Davoodabadi and Esmail Abdorrahim Kashi and Mahdi Mohammadzadeh and Noushin Mousavi and Shima Shafagh and Leila Ghafoor and Mojtaba Sehat and Shahrzad Ale Mohammad and Abbas Hajian},
  title = {Predicting factors and incidence of preventable trauma induced mortality},
  journal = {Annals of Medicine and Surgery}
}

@article{James2020,
  doi = {10.1136/injuryprev-2019-043531},
  url = {https://doi.org/10.1136/injuryprev-2019-043531},
  year = {2020},
  month = aug,
  publisher = {{BMJ}},
  volume = {26},
  number = {Supp 1},
  pages = {i125--i153},
  author = {Spencer L James and Chris D Castle and Zachary V Dingels and Jack T Fox and Erin B Hamilton and Zichen Liu and Nicholas L S Roberts and Dillon O Sylte and Gregory J Bertolacci and Matthew Cunningham and Nathaniel J Henry and Kate E LeGrand and Ahmed Abdelalim and Ibrahim Abdollahpour and Rizwan Suliankatchi Abdulkader and Aidin Abedi and Kedir Hussein Abegaz and Akine Eshete Abosetugn and Abdelrahman I Abushouk and Oladimeji M Adebayo and Jose C Adsuar and Shailesh M Advani and Marcela Agudelo-Botero and Tauseef Ahmad and Muktar Beshir Ahmed and Rushdia Ahmed and Miloud Taki Eddine Aichour and Fares Alahdab and Fahad Mashhour Alanezi and Niguse Meles Alema and Biresaw Wassihun Alemu and Suliman A Alghnam and Beriwan Abdulqadir Ali and Saqib Ali and Cyrus Alinia and Vahid Alipour and Syed Mohamed Aljunid and Amir Almasi-Hashiani and Nihad A Almasri and Khalid Altirkawi and Yasser Sami Abdeldayem Amer and Catalina Liliana Andrei and Alireza Ansari-Moghaddam and Carl Abelardo T Antonio and Davood Anvari and Seth Christopher Yaw Appiah and Jalal Arabloo and Morteza Arab-Zozani and Zohreh Arefi and Olatunde Aremu and Filippo Ariani and Amit Arora and Malke Asaad and Beatriz Paulina Ayala Quintanilla and Getinet Ayano and Martin Amogre Ayanore and Ghasem Azarian and Alaa Badawi and Ashish D Badiye and Atif Amin Baig and Mohan Bairwa and Ahad Bakhtiari and Arun Balachandran and Maciej Banach and Srikanta K Banerjee and Palash Chandra Banik and Amrit Banstola and Suzanne Lyn Barker-Collo and Till Winfried B\"{a}rnighausen and Akbar Barzegar and Mohsen Bayati and Shahrzad Bazargan-Hejazi and Neeraj Bedi and Masoud Behzadifar and Habte Belete and Derrick A Bennett and Isabela M Bensenor and Kidanemaryam Berhe and Akshaya Srikanth Bhagavathula and Pankaj Bhardwaj and Anusha Ganapati Bhat and Krittika Bhattacharyya and Zulfiqar A Bhutta and Sadia Bibi and Ali Bijani and Archith Boloor and Guilherme Borges and Rohan Borschmann and Antonio Maria Borz{\`{\i}} and Soufiane Boufous and Dejana Braithwaite and Nikolay Ivanovich Briko and Traolach Brugha and Shyam S Budhathoki and Josip Car and Rosario C{\'{a}}rdenas and F{\'{e}}lix Carvalho and Jo{\~{a}}o Mauricio Castaldelli-Maia and Carlos A Casta{\~{n}}eda-Orjuela and Giulio Castelpietra and Ferr{\'{a}}n Catal{\'{a}}-L{\'{o}}pez and Ester Cerin and Joht S Chandan and Jens Robert Chapman and Vijay Kumar Chattu and Soosanna Kumary Chattu and Irini Chatziralli and Neha Chaudhary and Daniel Youngwhan Cho and Jee-Young J Choi and Mohiuddin Ahsanul Kabir Chowdhury and Devasahayam J Christopher and Dinh-Toi Chu and Flavia M Cicuttini and Jo{\~{a}}o M Coelho and Vera M Costa and Saad M A Dahlawi and Ahmad Daryani and Claudio Alberto D{\'{a}}vila-Cervantes and Diego De Leo and Feleke Mekonnen Demeke and Gebre Teklemariam Demoz and Desalegn Getnet Demsie and Kebede Deribe and Rupak Desai and Mostafa Dianati Nasab and Diana Dias da Silva and Zahra Sadat Dibaji Forooshani and Hoa Thi Do and Kerrie E Doyle and Tim Robert Driscoll and Eleonora Dubljanin and Bereket Duko Adema and Arielle Wilder Eagan and Demelash Abewa Elemineh and Shaimaa I El-Jaafary and Ziad El-Khatib and Christian Lycke Ellingsen and Maysaa El Sayed Zaki and Sharareh Eskandarieh and Oghenowede Eyawo and Pawan Sirwan Faris and Andre Faro and Farshad Farzadfar and Seyed-Mohammad Fereshtehnejad and Eduarda Fernandes and Pietro Ferrara and Florian Fischer and Morenike Oluwatoyin Folayan and Artem Alekseevich Fomenkov and Masoud Foroutan and Joel Msafiri Francis and Richard Charles Franklin and Takeshi Fukumoto and Biniyam Sahiledengle Geberemariyam and Hadush Gebremariam and Ketema Bizuwork Gebremedhin and Leake G Gebremeskel and Gebreamlak Gebremedhn Gebremeskel and Berhe Gebremichael and Getnet Azeze Gedefaw and Birhanu Geta and Agegnehu Bante Getenet and Mansour Ghafourifard and Farhad Ghamari and Reza Ghanei Gheshlagh and Asadollah Gholamian and Syed Amir Gilani and Tiffany K Gill and Amir Hossein Goudarzian and Alessandra C Goulart and Ayman Grada and Michal Grivna and Rafael Alves Guimar{\~{a}}es and Yuming Guo and Gaurav Gupta and Juanita A Haagsma and Brian James Hall and Randah R Hamadeh and Samer Hamidi and Demelash Woldeyohannes Handiso and Josep Maria Haro and Amir Hasanzadeh and Shoaib Hassan and Soheil Hassanipour and Hadi Hassankhani and Hamid Yimam Hassen and Rasmus Havmoeller and Delia Hendrie and Fatemeh Heydarpour and Martha H{\'{\i}}jar and Hung Chak Ho and Chi Linh Hoang and Michael K Hole and Ramesh Holla and Naznin Hossain and Mehdi Hosseinzadeh and Sorin Hostiuc and Guoqing Hu and Segun Emmanuel Ibitoye and Olayinka Stephen Ilesanmi and Leeberk Raja Inbaraj and Seyed Sina Naghibi Irvani and M Mofizul Islam and Sheikh Mohammed Shariful Islam and Rebecca Q Ivers and Mohammad Ali Jahani and Mihajlo Jakovljevic and Farzad Jalilian and Sudha Jayaraman and Achala Upendra Jayatilleke and Ravi Prakash Jha and Yetunde O John-Akinola and Jost B Jonas and Kelly M Jones and Nitin Joseph and Farahnaz Joukar and Jacek Jerzy Jozwiak and Suresh Banayya Jungari and Mikk J\"{u}risson and Ali Kabir and Amaha Kahsay and Leila R Kalankesh and Rohollah Kalhor and Teshome Abegaz Kamil and Tanuj Kanchan and Neeti Kapoor and Manoochehr Karami and Amir Kasaeian and Hagazi Gebremedhin Kassaye and Taras Kavetskyy and Gbenga A Kayode and Peter Njenga Keiyoro and Abraham Getachew Kelbore and Yousef Saleh Khader and Morteza Abdullatif Khafaie and Nauman Khalid and Ibrahim A Khalil and Rovshan Khalilov and Maseer Khan and Ejaz Ahmad Khan and Junaid Khan and Tripti Khanna and Salman Khazaei and Habibolah Khazaie and Roba Khundkar and Daniel N Kiirithio and Young-Eun Kim and Yun Jin Kim and Daniel Kim and Sezer Kisa and Adnan Kisa and Hamidreza Komaki and Shivakumar K M Kondlahalli and Ali Koolivand and Vladimir Andreevich Korshunov and Ai Koyanagi and Moritz U G Kraemer and Kewal Krishan and Barthelemy Kuate Defo and Burcu Kucuk Bicer and Nuworza Kugbey and Nithin Kumar and Manasi Kumar and Vivek Kumar and Narinder Kumar and Girikumar Kumaresh and Faris Hasan Lami and Van C Lansingh and Savita Lasrado and Arman Latifi and Paolo Lauriola and Carlo La Vecchia and Janet L Leasher and Shaun Wen Huey Lee and Shanshan Li and Xuefeng Liu and Alan D Lopez and Paulo A Lotufo and Ronan A Lyons and Daiane Borges Machado and Mohammed Madadin and Muhammed Magdy Abd El Razek and Narayan Bahadur Mahotra and Marek Majdan and Azeem Majeed and Venkatesh Maled and Deborah Carvalho Malta and Navid Manafi and Amir Manafi and Ana-Laura Manda and Narayana Manjunatha and Fariborz Mansour-Ghanaei and Mohammad Ali Mansournia and Joemer C Maravilla and Amanda J Mason-Jones and Seyedeh Zahra Masoumi and Benjamin Ballard Massenburg and Pallab K Maulik and Man Mohan Mehndiratta and Zeleke Aschalew Melketsedik and Peter T N Memiah and Walter Mendoza and Ritesh G Menezes and Melkamu Merid Mengesha and Tuomo J Meretoja and Atte Meretoja and Hayimro Edemealem Merie and Tomislav Mestrovic and Bartosz Miazgowski and Tomasz Miazgowski and Ted R Miller and G K Mini and Andreea Mirica and Erkin M Mirrakhimov and Mehdi Mirzaei-Alavijeh and Prasanna Mithra and Babak Moazen and Masoud Moghadaszadeh and Efat Mohamadi and Yousef Mohammad and Aso Mohammad Darwesh and Abdollah Mohammadian-Hafshejani and Reza Mohammadpourhodki and Shafiu Mohammed and Jemal Abdu Mohammed and Farnam Mohebi and Mohammad A Mohseni Bandpei and Mariam Molokhia and Lorenzo Monasta and Yoshan Moodley and Masoud Moradi and Ghobad Moradi and Maziar Moradi-Lakeh and Rahmatollah Moradzadeh and Lidia Morawska and Ilais Moreno Vel{\'{a}}squez and Shane Douglas Morrison and Tilahun Belete Mossie and Atalay Goshu Muluneh and Kamarul Imran Musa and Ghulam Mustafa and Mehdi Naderi and Ahamarshan Jayaraman Nagarajan and Gurudatta Naik and Mukhammad David Naimzada and Farid Najafi and Vinay Nangia and Bruno Ramos Nascimento and Morteza Naserbakht and Vinod Nayak and Javad Nazari and Duduzile Edith Ndwandwe and Ionut Negoi and Josephine W Ngunjiri and Trang Huyen Nguyen and Cuong Tat Nguyen and Diep Ngoc Nguyen and Huong Lan Thi Nguyen and Rajan Nikbakhsh and Dina Nur Anggraini Ningrum and Chukwudi A Nnaji and Richard Ofori-Asenso and Felix Akpojene Ogbo and Onome Bright Oghenetega and In-Hwan Oh and Andrew T Olagunju and Tinuke O Olagunju and Ahmed Omar Bali and Obinna E Onwujekwe and Heather M Orpana and Erika Ota and Nikita Otstavnov and Stanislav S Otstavnov and Mahesh P A and Jagadish Rao Padubidri and Smita Pakhale and Keyvan Pakshir and Songhomitra Panda-Jonas and Eun-Kee Park and Sangram Kishor Patel and Ashish Pathak and Sanghamitra Pati and Kebreab Paulos and Amy E Peden and Veincent Christian Filipino Pepito and Jeevan Pereira and Michael R Phillips and Roman V Polibin and Suzanne Polinder and Farshad Pourmalek and Akram Pourshams and Hossein Poustchi and Swayam Prakash and Dimas Ria Angga Pribadi and Parul Puri and Zahiruddin Quazi Syed and Navid Rabiee and Mohammad Rabiee and Amir Radfar and Anwar Rafay and Ata Rafiee and Alireza Rafiei and Fakher Rahim and Siavash Rahimi and Muhammad Aziz Rahman and Ali Rajabpour-Sanati and Fatemeh Rajati and Ivo Rakovac and Sowmya J Rao and Vahid Rashedi and Prateek Rastogi and Priya Rathi and Salman Rawaf and Lal Rawal and Reza Rawassizadeh and Vishnu Renjith and Serge Resnikoff and Aziz Rezapour and Ana Isabel Ribeiro and Jennifer Rickard and Carlos Miguel Rios Gonz{\'{a}}lez and Leonardo Roever and Luca Ronfani and Gholamreza Roshandel and Basema Saddik and Hamid Safarpour and Mahdi Safdarian and S Mohammad Sajadi and Payman Salamati and Marwa R Rashad Salem and Hosni Salem and Inbal Salz and Abdallah M Samy and Juan Sanabria and Lidia Sanchez Riera and Milena M Santric Milicevic and Abdur Razzaque Sarker and Arash Sarveazad and Brijesh Sathian and Monika Sawhney and Mehdi Sayyah and David C Schwebel and Soraya Seedat and Subramanian Senthilkumaran and Seyedmojtaba Seyedmousavi and Feng Sha and Faramarz Shaahmadi and Saeed Shahabi and Masood Ali Shaikh and Mehran Shams-Beyranvand and Aziz Sheikh and Mika Shigematsu and Jae Il Shin and Rahman Shiri and Soraya Siabani and Inga Dora Sigfusdottir and Jasvinder A Singh and Pankaj Kumar Singh and Dhirendra Narain Sinha and Amin Soheili and Joan B Soriano and Muluken Bekele Sorrie and Ireneous N Soyiri and Mark A Stokes and Mu{\textquotesingle}awiyyah Babale Sufiyan and Bryan L Sykes and Rafael Tabar{\'{e}}s-Seisdedos and Karen M Tabb and Biruk Wogayehu Taddele and Yonatal Mesfin Tefera and Arash Tehrani-Banihashemi and Gebretsadkan Hintsa Tekulu and Ayenew Kassie Tesema Tesema and Berhe Etsay Tesfay and Rekha Thapar and Mariya Vladimirovna Titova and Kenean Getaneh Tlaye and Hamid Reza Tohidinik and Roman Topor-Madry and Khanh Bao Tran and Bach Xuan Tran and Jaya Prasad Tripathy and Alexander C Tsai and Aristidis Tsatsakis and Lorainne Tudor Car and Irfan Ullah and Saif Ullah and Bhaskaran Unnikrishnan and Era Upadhyay and Olalekan A Uthman and Pascual R Valdez and Tommi Juhani Vasankari and Yousef Veisani and Narayanaswamy Venketasubramanian and Francesco S Violante and Vasily Vlassov and Yasir Waheed and Yuan-Pang Wang and Taweewat Wiangkham and Haileab Fekadu Wolde and Dawit Habte Woldeyes and Temesgen Gebeyehu Wondmeneh and Adam Belay Wondmieneh and Ai-Min Wu and Grant M A Wyper and Rajaram Yadav and Ali Yadollahpour and Yuichiro Yano and Sanni Yaya and Vahid Yazdi-Feyzabadi and Pengpeng Ye and Paul Yip and Engida Yisma and Naohiro Yonemoto and Seok-Jun Yoon and Yoosik Youm and Mustafa Z Younis and Zabihollah Yousefi and Chuanhua Yu and Yong Yu and Telma Zahirian Moghadam and Zoubida Zaidi and Sojib Bin Zaman and Mohammad Zamani and Hamed Zandian and Fatemeh Zarei and Zhi-Jiang Zhang and Yunquan Zhang and Arash Ziapour and Sanjay Zodpey and Rakhi Dandona and Samath Dhamminda Dharmaratne and Simon I Hay and Ali H Mokdad and David M Pigott and Robert C Reiner and Theo Vos},
  title = {Estimating global injuries morbidity and mortality: methods and data used in the Global Burden of Disease 2017 study},
  journal = {Injury Prevention}
}

@article{Ghorbani2014,
  doi = {10.1186/1757-7241-22-18},
  url = {https://doi.org/10.1186/1757-7241-22-18},
  year = {2014},
  month = mar,
  publisher = {Springer Science and Business Media {LLC}},
  volume = {22},
  number = {1},
  author = {Poya Ghorbani and Magnus Falk{\'{e}}n and Louis Riddez and Martin Sundel\"{o}f and Anders Oldner and Lovisa Str\"{o}mmer},
  title = {Clinical review is essential to evaluate 30-day mortality after trauma},
  journal = {Scandinavian Journal of Trauma,  Resuscitation and Emergency Medicine}
}

@article{Kahl2013,
  doi = {10.1097/ta.0b013e3182997865},
  url = {https://doi.org/10.1097/ta.0b013e3182997865},
  year = {2013},
  month = aug,
  publisher = {Ovid Technologies (Wolters Kluwer Health)},
  volume = {75},
  number = {2},
  pages = {195--201},
  author = {Jessica E. Kahl and Richard Y. Calvo and Michael J. Sise and C. Beth Sise and Jonathan F. Thorndike and Steven R. Shackford},
  title = {The changing nature of death on the trauma service},
  journal = {Journal of Trauma and Acute Care Surgery}
}

@article{Anderson2021,
  doi = {10.1016/j.jsurg.2020.10.008},
  url = {https://doi.org/10.1016/j.jsurg.2020.10.008},
  year = {2021},
  month = may,
  publisher = {Elsevier {BV}},
  volume = {78},
  number = {3},
  pages = {927--933},
  author = {Jamie E. Anderson and Gregory J. Jurkovich and Joseph M. Galante and Diana L. Farmer},
  title = {A Survey of the Surgical Morbidity and Mortality Conference in the United States and Canada: A Dying Tradition or the Key to Modern Quality Improvement?},
  journal = {Journal of Surgical Education}
}

@article{Dick1999,
  doi = {10.1016/s0300-9572(99)00102-1},
  url = {https://doi.org/10.1016/s0300-9572(99)00102-1},
  year = {1999},
  month = oct,
  publisher = {Elsevier {BV}},
  volume = {42},
  number = {2},
  pages = {81--100},
  author = {W.F Dick and P.J.F Baskett},
  title = {Recommendations for uniform reporting of data following major trauma {\textemdash} the Utstein style},
  journal = {Resuscitation}
}

@online{Utstein2009,
  author = {Ringdal KG, Coats TJ, et al.},
  title = {The Utstein Trauma Template for Uniform Reporting of Data following Major Trauma: Data Dictionary. Version 1.1.1. European Trauma Registry Network, 2008. [internet]},
  url = {https://rcsyd.se/swetrau/wp-content/uploads/sites/10/2015/10/Revised_Utstein_Template_-_Data_Dictionary_v1.1.1.pdf},
  urldate = {2022}
}

@online{traumalarmskriterier2017,
  author = {Föreningen Ledningsansvariga i Svensk Ambulanssjukvård, et al.},
  title = {Nationella traumalarmskriterier 2017: Säker Traumavård. Föreningen Ledningsansvariga i Svensk Ambulanssjukvård, 2017. [internet]},
  url = {https://lof.se/filer/trauma-broschyr.pdf},
  urldate = {2022}
}

@article{Teixeira2007,
  doi = {10.1097/ta.0b013e31815078ae},
  url = {https://doi.org/10.1097/ta.0b013e31815078ae},
  year = {2007},
  month = dec,
  publisher = {Ovid Technologies (Wolters Kluwer Health)},
  volume = {63},
  number = {6},
  pages = {1338--1347},
  author = {Pedro G. R. Teixeira and Kenji Inaba and Pantelis Hadjizacharia and Carlos Brown and Ali Salim and Peter Rhee and Timothy Browder and Thomas T. Noguchi and Demetrios Demetriades},
  title = {Preventable or Potentially Preventable Mortality at a Mature Trauma Center},
  journal = {Journal of Trauma: Injury, Infection, and Critical Care}
}

@article{Teixeira2009,
  doi = {10.1001/archsurg.2009.82},
  url = {https://doi.org/10.1001/archsurg.2009.82},
  year = {2009},
  month = jun,
  publisher = {American Medical Association ({AMA})},
  volume = {144},
  number = {6},
  pages = {536},
  author = {Pedro G. R. Teixeira},
  title = {Preventable Morbidity at a Mature Trauma Center},
  journal = {Archives of Surgery}
}

@article{Salway2017,
  doi = {10.1186/s12939-017-0605-z},
  url = {https://doi.org/10.1186/s12939-017-0605-z},
  year = {2017},
  month = jul,
  publisher = {Springer Science and Business Media {LLC}},
  volume = {16},
  number = {1},
  author = {Sarah M. Salway and Nick Payne and Melanie Rimmer and Stefanie Buckner and Hannah Jordan and Jean Adams and Kate Walters and Sarah L. Sowden and Lynne Forrest and Linda Sharp and Mira Hidajat and Martin White and Yoav Ben-Shlomo},
  title = {Identifying inequitable healthcare in older people: systematic review of current research practice},
  journal = {International Journal for Equity in Health}
}

@article{Ghorbani2018,
  doi = {10.1111/aas.13151},
  url = {https://doi.org/10.1111/aas.13151},
  year = {2018},
  month = may,
  publisher = {Wiley},
  volume = {62},
  number = {8},
  pages = {1146--1153},
  author = {P. Ghorbani and L. Str\"{o}mmer},
  title = {Analysis of preventable deaths and errors in trauma care in a Scandinavian trauma level-I centre},
  journal = {Acta Anaesthesiologica Scandinavica}
}

@article{Schoeneberg2016,
  doi = {10.1007/s00068-016-0670-9},
  url = {https://doi.org/10.1007/s00068-016-0670-9},
  year = {2016},
  month = apr,
  publisher = {Springer Science and Business Media {LLC}},
  volume = {43},
  number = {4},
  pages = {481--489},
  author = {C. Schoeneberg and M. Schilling and B. Hussmann and D. Schmitz and S. Lendemans and S. Ruchholtz},
  title = {Preventable and potentially preventable deaths in severely injured patients: a retrospective analysis including patterns of errors},
  journal = {European Journal of Trauma and Emergency Surgery}
}

@article{Kleber2013,
  doi = {10.1007/s00268-013-1964-2},
  url = {https://doi.org/10.1007/s00268-013-1964-2},
  year = {2013},
  month = feb,
  publisher = {Springer Science and Business Media {LLC}},
  volume = {37},
  number = {5},
  pages = {1154--1161},
  author = {C. Kleber and M. T. Giesecke and M. Tsokos and N. P. Haas and C. T. Buschmann},
  title = {Trauma-related Preventable Deaths in Berlin 2010: Need to Change Prehospital Management Strategies and Trauma Management Education},
  journal = {World Journal of Surgery}
}

@article{Davoodabadi2021,
  doi = {10.1016/j.amsu.2021.102609},
  url = {https://doi.org/10.1016/j.amsu.2021.102609},
  year = {2021},
  month = aug,
  publisher = {Elsevier {BV}},
  volume = {68},
  pages = {102609},
  author = {Abdoulhosein Davoodabadi and Esmail Abdorrahim Kashi and Mahdi Mohammadzadeh and Noushin Mousavi and Shima Shafagh and Leila Ghafoor and Mojtaba Sehat and Shahrzad Ale Mohammad and Abbas Hajian},
  title = {Predicting factors and incidence of preventable trauma induced mortality},
  journal = {Annals of Medicine and Surgery}
}

@article{GonzlezRobledo2015,
  doi = {10.1016/j.medine.2015.08.002},
  url = {https://doi.org/10.1016/j.medine.2015.08.002},
  year = {2015},
  month = oct,
  publisher = {Elsevier {BV}},
  volume = {39},
  number = {7},
  pages = {412--421},
  author = {J. González-Robledo and F. Martín-González and M. Moreno-García and M. Sánchez-Barba and F. Sánchez-Hernández},
  title = {Prognostic factors associated with mortality in patients with severe trauma: From prehospital care to the Intensive Care Unit},
  journal = {Medicina Intensiva (English Edition)}
}

@article{Yadollahi2020,
  doi = {10.29252/beat-080105},
  url = {https://doi.org/10.29252/beat-080105},
  year = {2020},
  month = feb,
  publisher = {Armenian Green Publishing Co.},
  volume = {8},
  number = {1},
  pages = {27--33},
  author = {Mahnaz Yadollahi and Ali Kashkooe and Reza Rezaiee and Kazem Jamali and Mohammad Hadi Niakan},
  title = {A Comparative Study of Injury Severity Scales as Predictors of Mortality in Trauma Patients: Which Scale Is the Best},
  journal = {Bulletin of Emergency and Trauma}
}

@article{Prin2016,
  doi = {10.1186/s40621-016-0084-5},
  url = {https://doi.org/10.1186/s40621-016-0084-5},
  year = {2016},
  month = aug,
  publisher = {Springer Science and Business Media {LLC}},
  volume = {3},
  number = {1},
  author = {Meghan Prin and Guohua Li},
  title = {Complications and in-hospital mortality in trauma patients treated in intensive care units in the United States,  2013},
  journal = {Injury Epidemiology}
}

@article{Ghorbani_2018,
	doi = {10.1111/aas.13151},
	url = {https://doi.org/10.1111%2Faas.13151},
	year = 2018,
	month = {may},
	publisher = {Wiley},
	volume = {62},
	number = {8},
	pages = {1146--1153},
	author = {P. Ghorbani and L. Strömmer},
	title = {Analysis of preventable deaths and errors in trauma care in a Scandinavian trauma level-I centre},
	journal = {Acta Anaesthesiologica Scandinavica}
}


@article{Ivatury_2008,
	doi = {10.1097/ta.0b013e318163359d},
	url = {https://doi.org/10.1097%2Fta.0b013e318163359d},
	year = 2008,
	month = {feb},
	publisher = {Ovid Technologies (Wolters Kluwer Health)},
	volume = {64},
	number = {2},
	pages = {265--272},
	author = {Rao R. Ivatury and Kelly Guilford and Ajai K. Malhotra and Therese Duane and Michel Aboutanos and Nancy Martin},
	title = {Patient Safety in Trauma: Maximal Impact Management Errors at a Level I Trauma Center},
	journal = {Journal of Trauma: Injury, Infection {\&}amp$\mathsemicolon$ Critical Care}
}

@article{Esposito_2003,
	doi = {10.1097/01.ta.0000058124.78958.6b},
	url = {https://doi.org/10.1097%2F01.ta.0000058124.78958.6b},
	year = 2003,
	month = {apr},
	publisher = {Ovid Technologies (Wolters Kluwer Health)},
	volume = {54},
	number = {4},
	pages = {663--670},
	author = {Thomas J. Esposito and Teri L. Sanddal and Stuart A. Reynolds and Nels D. Sanddal},
	title = {Effect of a Voluntary Trauma System on Preventable Death and Inappropriate Care in a Rural State},
	journal = {The Journal of Trauma: Injury, Infection, and Critical Care}
}

@article{Roy_2017,
	doi = {10.1186/s12913-017-2085-7},
	url = {https://doi.org/10.1186%2Fs12913-017-2085-7},
	year = 2017,
	month = {feb},
	publisher = {Springer Science and Business Media {LLC}},
	volume = {17},
	number = {1},
	author = {Nobhojit Roy and Deepa Kizhakke Veetil and Monty Uttam Khajanchi and Vineet Kumar and Harris Solomon and Jyoti Kamble and Debojit Basak and Göran Tomson and Johan von Schreeb},
	title = {Learning from 2523 trauma deaths in India- opportunities to prevent in-hospital deaths},
	journal = {{BMC} Health Services Research}
}

@article{OReilly2013,
  title =	 {Opportunities for improvement in the management of
patients who die from haemorrhage after trauma},
  volume =	 {100},
  ISSN =	 {1365-2168},
  url =		 {http://dx.doi.org/10.1002/bjs.9096},
  DOI =		 {10.1002/bjs.9096},
  number =	 {6},
  journal =	 {British Journal of Surgery},
  publisher =	 {Oxford University Press (OUP)},
  author =	 {O’Reilly, D and Mahendran, K and West, A and
Shirley, P and Walsh, M and Tai, N},
  year =	 {2013},
  month =	 {Mar},
  pages =	 {749–755}
}

@article{Sanddal_2011,
	doi = {10.1097/ta.0b013e3181fec9ba},
	url = {https://doi.org/10.1097%2Fta.0b013e3181fec9ba},
	year = 2011,
	month = {apr},
	publisher = {Ovid Technologies (Wolters Kluwer Health)},
	volume = {70},
	number = {4},
	pages = {970--977},
	author = {Teri L. Sanddal and Thomas J. Esposito and Jolene R. Whitney and Diane Hartford and Peter P. Taillac and N. Clay Mann and Nels D. Sanddal},
	title = {Analysis of Preventable Trauma Deaths and Opportunities for Trauma Care Improvement in Utah},
	journal = {Journal of Trauma: Injury, Infection {\&}amp$\mathsemicolon$ Critical Care}
}
