2.	@article{David2021,
3.	  doi = {10.1186/s41687-021-00346-6},
4.	  url = {https://doi.org/10.1186/s41687-021-00346-6},
5.	  year = {2021},
6.	  month = aug,
7.	  publisher = {Springer Science and Business Media {LLC}},
8.	  volume = {5},
9.	  number = {1},
10.	  author = {Siddarth Daniels David and Nobhojit Roy and Harris Solomon and Cecilia St{\aa}lsby Lundborg and Martin Gerdin W\"{a}rnberg},
11.	  title = {Measuring post-discharge socioeconomic and quality of life outcomes in trauma patients: a scoping review},
12.	  journal = {Journal of Patient-Reported Outcomes}
13.	}
